@inproceedings{ZhouJ12,
  author    = {Yajin Zhou and
               Xuxian Jiang},
  title     = {Dissecting Android Malware: Characterization and Evolution},
  booktitle = {{IEEE} Symposium on Security and Privacy, {SP} 2012, 21-23 May 2012,
               San Francisco, California, {USA}},
  pages     = {95--109},
  year      = {2012},
  crossref  = {DBLP:conf/sp/2012},
  url       = {https://doi.org/10.1109/SP.2012.16},
  doi       = {10.1109/SP.2012.16},
  timestamp = {Fri, 26 May 2017 00:50:06 +0200},
  biburl    = {http://dblp.org/rec/bib/conf/sp/ZhouJ12},
  bibsource = {dblp computer science bibliography, http://dblp.org}
}


@article{DTeuflFFHKO16,
  author    = {Peter Teufl and
               Michaela Ferk and
               Andreas Fitzek and
               Daniel M. Hein and
               Stefan Kraxberger and
               Clemens Orthacker},
  title     = {Malware detection by applying knowledge discovery processes to application
               metadata on the Android Market (Google Play)},
  journal   = {Security and Communication Networks},
  volume    = {9},
  number    = {5},
  pages     = {389--419},
  year      = {2016},
  url       = {https://doi.org/10.1002/sec.675},
  doi       = {10.1002/sec.675},
  timestamp = {Sun, 28 May 2017 13:21:19 +0200},
  biburl    = {http://dblp.org/rec/bib/journals/scn/TeuflFFHKO16},
  bibsource = {dblp computer science bibliography, http://dblp.org}
}


@inproceedings{Baker95,
  author    = {Brenda S. Baker},
  title     = {On Finding Duplication and Near-Duplication in Large Software Systems},
  booktitle = {2nd Working Conference on Reverse Engineering, {WCRE} '95, Toronto,
               Canada, July 14-16, 1995},
  pages     = {86--95},
  year      = {1995},
  crossref  = {DBLP:conf/wcre/1995},
  url       = {https://doi.org/10.1109/WCRE.1995.514697},
  doi       = {10.1109/WCRE.1995.514697},
  timestamp = {Fri, 26 May 2017 00:48:17 +0200},
  biburl    = {http://dblp.org/rec/bib/conf/wcre/Baker95},
  bibsource = {dblp computer science bibliography, http://dblp.org}
}

@inproceedings{IwamotoON12,
  author    = {Mai Iwamoto and
               Shunsuke Oshima and
               Takuo Nakashima},
  title     = {Token-based Code Clone Detection Technique in a Student's Programming
               Exercise},
  booktitle = {2012 Seventh International Conference on Broadband, Wireless Computing,
               Communication and Applications, Victoria, BC, Canada, November 12-14,
               2012},
  pages     = {650--655},
  year      = {2012},
  crossref  = {DBLP:conf/bwcca/2012},
  url       = {https://doi.org/10.1109/BWCCA.2012.113},
  doi       = {10.1109/BWCCA.2012.113},
  timestamp = {Tue, 23 May 2017 01:07:19 +0200},
  biburl    = {http://dblp.org/rec/bib/conf/bwcca/IwamotoON12},
  bibsource = {dblp computer science bibliography, http://dblp.org}
}

@inproceedings{YuanG12,
  author    = {Yang Yuan and
               Yao Guo},
  title     = {Boreas: an accurate and scalable token-based approach to code clone
               detection},
  booktitle = {{IEEE/ACM} International Conference on Automated Software Engineering,
               ASE'12, Essen, Germany, September 3-7, 2012},
  pages     = {286--289},
  year      = {2012},
  crossref  = {DBLP:conf/kbse/2012},
  url       = {http://doi.acm.org/10.1145/2351676.2351725},
  doi       = {10.1145/2351676.2351725},
  timestamp = {Fri, 19 Oct 2012 18:37:58 +0200},
  biburl    = {http://dblp.org/rec/bib/conf/kbse/YuanG12},
  bibsource = {dblp computer science bibliography, http://dblp.org}
}

@inproceedings{ChenGZGCZ17,
  author    = {Ying Chen and
               Liping Gan and
               Shiqing Zhang and
               Wenping Guo and
               Yuelong Chuang and
               Xiaoming Zhao},
  title     = {Plagiarism Detection in Homework Based on Image Hashing},
  booktitle = {Data Science - Third International Conference of Pioneering Computer
               Scientists, Engineers and Educators, {ICPCSEE} 2017, Changsha, China,
               September 22-24, 2017, Proceedings, Part {II}},
  pages     = {424--432},
  year      = {2017},
  crossref  = {DBLP:conf/icycsee/2017-2},
  url       = {https://doi.org/10.1007/978-981-10-6388-6_35},
  doi       = {10.1007/978-981-10-6388-6_35},
  timestamp = {Sat, 28 Oct 2017 19:26:35 +0200},
  biburl    = {http://dblp.org/rec/bib/conf/icycsee/ChenGZGCZ17},
  bibsource = {dblp computer science bibliography, http://dblp.org}
}

@article{ZhangLZRS16,
  author    = {Ying Zhang and
               Huchuan Lu and
               Lihe Zhang and
               Xiang Ruan and
               Shun Sakai},
  title     = {Video anomaly detection based on locality sensitive hashing filters},
  journal   = {Pattern Recognition},
  volume    = {59},
  pages     = {302--311},
  year      = {2016},
  url       = {https://doi.org/10.1016/j.patcog.2015.11.018},
  doi       = {10.1016/j.patcog.2015.11.018},
  timestamp = {Thu, 28 Dec 2017 16:10:49 +0100},
  biburl    = {http://dblp.org/rec/bib/journals/pr/ZhangLZRS16},
  bibsource = {dblp computer science bibliography, http://dblp.org}
}

@inproceedings{YuLYLYY16,
  author    = {Xiao Yu and
               Jin Liu and
               Zijiang James Yang and
               Xiao Liu and
               Xiaofei Yin and
               Shijie Yi},
  title     = {Bayesian Network Based Program Dependence Graph for Fault Localization},
  booktitle = {2016 {IEEE} International Symposium on Software Reliability Engineering
               Workshops, {ISSRE} Workshops 2016, Ottawa, ON, Canada, October 23-27,
               2016},
  pages     = {181--188},
  year      = {2016},
  crossref  = {DBLP:conf/issre/2016w},
  url       = {https://doi.org/10.1109/ISSREW.2016.35},
  doi       = {10.1109/ISSREW.2016.35},
  timestamp = {Thu, 25 May 2017 00:43:41 +0200},
  biburl    = {http://dblp.org/rec/bib/conf/issre/YuLYLYY16},
  bibsource = {dblp computer science bibliography, http://dblp.org}
}

@inproceedings{HamidZ14,
  author    = {Ammar Hamid and
               Vadim Zaytsev},
  title     = {Detecting Refactorable Clones by Slicing Program Dependence Graphs},
  booktitle = {Post-proceedings of the Seventh Seminar on Advanced Techniques and
               Tools for Software Evolution, SATToSE 2014, L'Aquila, Italy, 9-11
               July 2014.},
  pages     = {37--48},
  year      = {2014},
  crossref  = {DBLP:conf/sattose/2014},
  url       = {http://ceur-ws.org/Vol-1354/paper-04.pdf},
  timestamp = {Mon, 30 May 2016 16:28:37 +0200},
  biburl    = {http://dblp.org/rec/bib/conf/sattose/HamidZ14},
  bibsource = {dblp computer science bibliography, http://dblp.org}
}

@article{FuXYY17,
  author    = {Deqiang Fu and
               Yanyan Xu and
               Haoran Yu and
               Boyang Yang},
  title     = {{WASTK:} {A} Weighted Abstract Syntax Tree Kernel Method for Source
               Code Plagiarism Detection},
  journal   = {Scientific Programming},
  volume    = {2017},
  pages     = {7809047:1--7809047:8},
  year      = {2017},
  url       = {https://doi.org/10.1155/2017/7809047},
  doi       = {10.1155/2017/7809047},
  timestamp = {Thu, 27 Jul 2017 14:41:09 +0200},
  biburl    = {http://dblp.org/rec/bib/journals/sp/FuXYY17},
  bibsource = {dblp computer science bibliography, http://dblp.org}
}

@inproceedings{HovemeyerHPS16,
  author    = {David Hovemeyer and
               Arto Hellas and
               Andrew Petersen and
               Jaime Spacco},
  title     = {Control-Flow-Only Abstract Syntax Trees for Analyzing Students' Programming
               Progress},
  booktitle = {Proceedings of the 2016 {ACM} Conference on International Computing
               Education Research, {ICER} 2016, Melbourne, VIC, Australia, September
               8-12, 2016},
  pages     = {63--72},
  year      = {2016},
  crossref  = {DBLP:conf/icer/2016},
  url       = {http://doi.acm.org/10.1145/2960310.2960326},
  doi       = {10.1145/2960310.2960326},
  timestamp = {Mon, 06 Nov 2017 12:14:27 +0100},
  biburl    = {http://dblp.org/rec/bib/conf/icer/HovemeyerHPS16},
  bibsource = {dblp computer science bibliography, http://dblp.org}
}

@article{KikuchiGWN15,
  author    = {Hiroshi Kikuchi and
               Takaaki Goto and
               Mitsuo Wakatsuki and
               Tetsuro Nishino},
  title     = {A Source Code Plagiarism Detecting Method Using Sequence Alignment
               with Abstract Syntax Tree Elements},
  journal   = {{IJSI}},
  volume    = {3},
  number    = {3},
  pages     = {41--56},
  year      = {2015},
  url       = {https://doi.org/10.4018/IJSI.2015070104},
  doi       = {10.4018/IJSI.2015070104},
  timestamp = {Sun, 28 May 2017 13:25:29 +0200},
  biburl    = {http://dblp.org/rec/bib/journals/ijsinnov/KikuchiGWN15},
  bibsource = {dblp computer science bibliography, http://dblp.org}
}

@article{HanWZY18,
  author    = {Le Han and
               Zhen Wu and
               Kui Zeng and
               Xiaowei Yang},
  title     = {Online multilinear principal component analysis},
  journal   = {Neurocomputing},
  volume    = {275},
  pages     = {888--896},
  year      = {2018},
  url       = {https://doi.org/10.1016/j.neucom.2017.08.070},
  doi       = {10.1016/j.neucom.2017.08.070},
  timestamp = {Fri, 22 Dec 2017 15:37:41 +0100},
  biburl    = {http://dblp.org/rec/bib/journals/ijon/HanWZY18},
  bibsource = {dblp computer science bibliography, http://dblp.org}
}

@inproceedings{DGorrell06,
  author    = {Genevieve Gorrell},
  title     = {Generalized Hebbian Algorithm for Incremental Singular Value Decomposition
               in Natural Language Processing},
  booktitle = {{EACL} 2006, 11st Conference of the European Chapter of the Association
               for Computational Linguistics, Proceedings of the Conference, April
               3-7, 2006, Trento, Italy},
  year      = {2006},
  crossref  = {DBLP:conf/eacl/2006},
  url       = {http://aclweb.org/anthology/E/E06/E06-1013.pdf},
  timestamp = {Thu, 17 Aug 2017 17:55:38 +0200},
  biburl    = {http://dblp.org/rec/bib/conf/eacl/Gorrell06},
  bibsource = {dblp computer science bibliography, http://dblp.org}
}

@inproceedings{DChenC14,
  author    = {Xilun Chen and
               K. Sel{\c{c}}uk Candan},
  title     = {{LWI-SVD:} low-rank, windowed, incremental singular value decompositions
               on time-evolving data sets},
  booktitle = {The 20th {ACM} {SIGKDD} International Conference on Knowledge Discovery
               and Data Mining, {KDD} '14, New York, NY, {USA} - August 24 - 27,
               2014},
  pages     = {987--996},
  year      = {2014},
  crossref  = {DBLP:conf/kdd/2014},
  url       = {http://doi.acm.org/10.1145/2623330.2623671},
  doi       = {10.1145/2623330.2623671},
  timestamp = {Wed, 24 Sep 2014 13:01:28 +0200},
  biburl    = {http://dblp.org/rec/bib/conf/kdd/ChenC14},
  bibsource = {dblp computer science bibliography, http://dblp.org}
}

@inproceedings{DavidY14,
  author    = {Yaniv David and
               Eran Yahav},
  title     = {Tracelet-based code search in executables},
  booktitle = {{ACM} {SIGPLAN} Conference on Programming Language Design and Implementation,
               {PLDI} '14, Edinburgh, United Kingdom - June 09 - 11, 2014},
  pages     = {349--360},
  year      = {2014},
  crossref  = {DBLP:conf/pldi/2014},
  url       = {http://doi.acm.org/10.1145/2594291.2594343},
  doi       = {10.1145/2594291.2594343},
  timestamp = {Tue, 20 Dec 2016 10:12:01 +0100},
  biburl    = {http://dblp.org/rec/bib/conf/pldi/DavidY14},
  bibsource = {dblp computer science bibliography, http://dblp.org}
}

@inproceedings{KhooMA13,
  author    = {Wei Ming Khoo and
               Alan Mycroft and
               Ross J. Anderson},
  title     = {Rendezvous: a search engine for binary code},
  booktitle = {Proceedings of the 10th Working Conference on Mining Software Repositories,
               {MSR} '13, San Francisco, CA, USA, May 18-19, 2013},
  pages     = {329--338},
  year      = {2013},
  crossref  = {DBLP:conf/msr/2013},
  url       = {https://doi.org/10.1109/MSR.2013.6624046},
  doi       = {10.1109/MSR.2013.6624046},
  timestamp = {Sun, 04 Jun 2017 10:08:15 +0200},
  biburl    = {http://dblp.org/rec/bib/conf/msr/KhooMA13},
  bibsource = {dblp computer science bibliography, http://dblp.org}
}

@article{AndrewsVSS17,
  author    = {S. Andrews and
               B. S. Varunbabu and
               P. Subash and
               M. R. Swaminathan},
  title     = {Finding the high probabilistic potential fishing zone by accelerated
               {SVM} classification},
  journal   = {{IJICT}},
  volume    = {11},
  number    = {4},
  pages     = {576--585},
  year      = {2017},
  url       = {https://doi.org/10.1504/IJICT.2017.10008318},
  doi       = {10.1504/IJICT.2017.10008318},
  timestamp = {Wed, 22 Nov 2017 17:24:49 +0100},
  biburl    = {http://dblp.org/rec/bib/journals/ijict/AndrewsVSS17},
  bibsource = {dblp computer science bibliography, http://dblp.org}
}

@inproceedings{ChandrasekaranD18,
  author    = {Karthekeyan Chandrasekaran and
               Daniel Dadush and
               Venkata Gandikota and
               Elena Grigorescu},
  title     = {Lattice-based Locality Sensitive Hashing is Optimal},
  booktitle = {9th Innovations in Theoretical Computer Science Conference, {ITCS}
               2018, January 11-14, 2018, Cambridge, MA, {USA}},
  pages     = {42:1--42:18},
  year      = {2018},
  crossref  = {DBLP:conf/innovations/2018},
  url       = {https://doi.org/10.4230/LIPIcs.ITCS.2018.42},
  doi       = {10.4230/LIPIcs.ITCS.2018.42},
  timestamp = {Sat, 13 Jan 2018 00:04:27 +0100},
  biburl    = {http://dblp.org/rec/bib/conf/innovations/ChandrasekaranD18},
  bibsource = {dblp computer science bibliography, http://dblp.org}
}

@inproceedings{FengZXCTY16,
  author    = {Qian Feng and
               Rundong Zhou and
               Chengcheng Xu and
               Yao Cheng and
               Brian Testa and
               Heng Yin},
  title     = {Scalable Graph-based Bug Search for Firmware Images},
  booktitle = {Proceedings of the 2016 {ACM} {SIGSAC} Conference on Computer and
               Communications Security, Vienna, Austria, October 24-28, 2016},
  pages     = {480--491},
  year      = {2016},
  crossref  = {DBLP:conf/ccs/2016},
  url       = {http://doi.acm.org/10.1145/2976749.2978370},
  doi       = {10.1145/2976749.2978370},
  timestamp = {Mon, 24 Oct 2016 18:57:12 +0200},
  biburl    = {http://dblp.org/rec/bib/conf/ccs/FengZXCTY16},
  bibsource = {dblp computer science bibliography, http://dblp.org}
}

@inproceedings{LiuCZLXCS17,
  author    = {Ziqi Liu and
               Chaochao Chen and
               Jun Zhou and
               Xiaolong Li and
               Feng Xu and
               Tao Chen and
               Le Song},
  title     = {{POSTER:} Neural Network-based Graph Embedding for Malicious Accounts
               Detection},
  booktitle = {Proceedings of the 2017 {ACM} {SIGSAC} Conference on Computer and
               Communications Security, {CCS} 2017, Dallas, TX, USA, October 30 -
               November 03, 2017},
  pages     = {2543--2545},
  year      = {2017},
  crossref  = {DBLP:conf/ccs/2017},
  url       = {http://doi.acm.org/10.1145/3133956.3138827},
  doi       = {10.1145/3133956.3138827},
  timestamp = {Sat, 28 Oct 2017 18:38:40 +0200},
  biburl    = {http://dblp.org/rec/bib/conf/ccs/LiuCZLXCS17},
  bibsource = {dblp computer science bibliography, http://dblp.org}
}

@article{DFuXYY17,
  author    = {Deqiang Fu and
               Yanyan Xu and
               Haoran Yu and
               Boyang Yang},
  title     = {{WASTK:} {A} Weighted Abstract Syntax Tree Kernel Method for Source
               Code Plagiarism Detection},
  journal   = {Scientific Programming},
  volume    = {2017},
  pages     = {7809047:1--7809047:8},
  year      = {2017},
  url       = {https://doi.org/10.1155/2017/7809047},
  doi       = {10.1155/2017/7809047},
  timestamp = {Thu, 27 Jul 2017 14:41:09 +0200},
  biburl    = {http://dblp.org/rec/bib/journals/sp/FuXYY17},
  bibsource = {dblp computer science bibliography, http://dblp.org}
}

@article{EnckGCCJMS14,
  author    = {William Enck and
               Peter Gilbert and
               Byung{-}Gon Chun and
               Landon P. Cox and
               Jaeyeon Jung and
               Patrick D. McDaniel and
               Anmol Sheth},
  title     = {TaintDroid: an information flow tracking system for real-time privacy
               monitoring on smartphones},
  journal   = {Commun. {ACM}},
  volume    = {57},
  number    = {3},
  pages     = {99--106},
  year      = {2014},
  url       = {http://doi.acm.org/10.1145/2494522},
  doi       = {10.1145/2494522},
  timestamp = {Thu, 17 Nov 2016 19:38:21 +0100},
  biburl    = {http://dblp.org/rec/bib/journals/cacm/EnckGCCJMS14},
  bibsource = {dblp computer science bibliography, http://dblp.org}
}

@inproceedings{JustEM15,
  author    = {Ren{\'{e}} Just and
               Michael D. Ernst and
               Suzanne Millstein},
  title     = {Collaborative Verification of Information Flow for a High-Assurance
               App Store},
  booktitle = {Software Engineering {\&} Management 2015, Multikonferenz der
               GI-Fachbereiche Softwaretechnik {(SWT)} und Wirtschaftsinformatik
               (WI), {FA} WI-MAW, 17. M{\"{a}}rz - 20. M{\"{a}}rz 2015,
               Dresden, Germany},
  pages     = {77},
  year      = {2015},
  crossref  = {DBLP:conf/se/2015},
  timestamp = {Tue, 15 Mar 2016 10:32:20 +0100},
  biburl    = {http://dblp.org/rec/bib/conf/se/JustEM15},
  bibsource = {dblp computer science bibliography, http://dblp.org}
}

@inproceedings{ZhouZGJZ13,
  author    = {Wu Zhou and
               Yajin Zhou and
               Michael C. Grace and
               Xuxian Jiang and
               Shihong Zou},
  title     = {Fast, scalable detection of "Piggybacked" mobile applications},
  booktitle = {Third {ACM} Conference on Data and Application Security and Privacy,
               CODASPY'13, San Antonio, TX, USA, February 18-20, 2013},
  pages     = {185--196},
  year      = {2013},
  crossref  = {DBLP:conf/codaspy/2013},
  url       = {http://doi.acm.org/10.1145/2435349.2435377},
  doi       = {10.1145/2435349.2435377},
  timestamp = {Thu, 14 Dec 2017 16:09:35 +0100},
  biburl    = {http://dblp.org/rec/bib/conf/codaspy/ZhouZGJZ13},
  bibsource = {dblp computer science bibliography, http://dblp.org}
}

@inproceedings{0012WLWZHZ015,
  author    = {Kai Chen and
               Peng Wang and
               Yeonjoon Lee and
               XiaoFeng Wang and
               Nan Zhang and
               Heqing Huang and
               Wei Zou and
               Peng Liu},
  title     = {Finding Unknown Malice in 10 Seconds: Mass Vetting for New Threats
               at the Google-Play Scale},
  booktitle = {24th {USENIX} Security Symposium, {USENIX} Security 15, Washington,
               D.C., USA, August 12-14, 2015.},
  pages     = {659--674},
  year      = {2015},
  crossref  = {DBLP:conf/uss/2015},
  url       = {https://www.usenix.org/conference/usenixsecurity15/technical-sessions/presentation/chen-kai},
  timestamp = {Fri, 19 Aug 2016 15:38:02 +0200},
  biburl    = {http://dblp.org/rec/bib/conf/uss/0012WLWZHZ015},
  bibsource = {dblp computer science bibliography, http://dblp.org}
}

@article{DuWL17,
  author    = {Yao Du and
               Junfeng Wang and
               Qi Li},
  title     = {An Android Malware Detection Approach Using Community Structures of
               Weighted Function Call Graphs},
  journal   = {{IEEE} Access},
  volume    = {5},
  pages     = {17478--17486},
  year      = {2017},
  url       = {https://doi.org/10.1109/ACCESS.2017.2720160},
  doi       = {10.1109/ACCESS.2017.2720160},
  timestamp = {Thu, 14 Dec 2017 16:09:36 +0100},
  biburl    = {http://dblp.org/rec/bib/journals/access/DuWL17},
  bibsource = {dblp computer science bibliography, http://dblp.org}
}

@inproceedings{ArpSHGR14,
  author    = {Daniel Arp and
               Michael Spreitzenbarth and
               Malte Hubner and
               Hugo Gascon and
               Konrad Rieck},
  title     = {{DREBIN:} Effective and Explainable Detection of Android Malware in
               Your Pocket},
  booktitle = {21st Annual Network and Distributed System Security Symposium, {NDSS}
               2014, San Diego, California, USA, February 23-26, 2014},
  year      = {2014},
  crossref  = {DBLP:conf/ndss/2014},
  url       = {http://www.internetsociety.org/doc/drebin-effective-and-explainable-detection-android-malware-your-pocket},
  timestamp = {Sun, 12 Apr 2015 11:10:30 +0200},
  biburl    = {http://dblp.org/rec/bib/conf/ndss/ArpSHGR14},
  bibsource = {dblp computer science bibliography, http://dblp.org}
}

@inproceedings{ArpSHGR14,
  author    = {Daniel Arp and
               Michael Spreitzenbarth and
               Malte Hubner and
               Hugo Gascon and
               Konrad Rieck},
  title     = {{DREBIN:} Effective and Explainable Detection of Android Malware in
               Your Pocket},
  booktitle = {21st Annual Network and Distributed System Security Symposium, {NDSS}
               2014, San Diego, California, USA, February 23-26, 2014},
  year      = {2014},
  crossref  = {DBLP:conf/ndss/2014},
  url       = {http://www.internetsociety.org/doc/drebin-effective-and-explainable-detection-android-malware-your-pocket},
  timestamp = {Sun, 12 Apr 2015 11:10:30 +0200},
  biburl    = {http://dblp.org/rec/bib/conf/ndss/ArpSHGR14},
  bibsource = {dblp computer science bibliography, http://dblp.org}
}

@unknown{unknown,
author = {Platzer, Christian and Lindorfer, Martina and Neugschwandtner, Matthias and Weichselbaum, Lukas and Fratantonio, Yanick and van der Veen, Victor},
year = {2014},
month = {09},
pages = {},
title = {Andrubis - 1,000,000 Apps Later: A View on Current Android Malware Behaviors}
}

@article{DEnckGHTCCJMS14,
  author    = {William Enck and
               Peter Gilbert and
               Seungyeop Han and
               Vasant Tendulkar and
               Byung{-}Gon Chun and
               Landon P. Cox and
               Jaeyeon Jung and
               Patrick D. McDaniel and
               Anmol N. Sheth},
  title     = {TaintDroid: An Information-Flow Tracking System for Realtime Privacy
               Monitoring on Smartphones},
  journal   = {{ACM} Trans. Comput. Syst.},
  volume    = {32},
  number    = {2},
  pages     = {5:1--5:29},
  year      = {2014},
  url       = {http://doi.acm.org/10.1145/2619091},
  doi       = {10.1145/2619091},
  timestamp = {Thu, 17 Nov 2016 19:38:19 +0100},
  biburl    = {http://dblp.org/rec/bib/journals/tocs/EnckGHTCCJMS14},
  bibsource = {dblp computer science bibliography, http://dblp.org}
}

@inproceedings{EgeleWCB14,
  author    = {Manuel Egele and
               Maverick Woo and
               Peter Chapman and
               David Brumley},
  title     = {Blanket Execution: Dynamic Similarity Testing for Program Binaries
               and Components},
  booktitle = {Proceedings of the 23rd {USENIX} Security Symposium, San Diego, CA,
               USA, August 20-22, 2014.},
  pages     = {303--317},
  year      = {2014},
  crossref  = {DBLP:conf/uss/2014},
  url       = {https://www.usenix.org/conference/usenixsecurity14/technical-sessions/presentation/egele},
  timestamp = {Fri, 19 Aug 2016 15:38:02 +0200},
  biburl    = {http://dblp.org/rec/bib/conf/uss/EgeleWCB14},
  bibsource = {dblp computer science bibliography, http://dblp.org}
}

@inproceedings{YanY12,
  author    = {Lok{-}Kwong Yan and
               Heng Yin},
  title     = {DroidScope: Seamlessly Reconstructing the {OS} and Dalvik Semantic
               Views for Dynamic Android Malware Analysis},
  booktitle = {Proceedings of the 21th {USENIX} Security Symposium, Bellevue, WA,
               USA, August 8-10, 2012},
  pages     = {569--584},
  year      = {2012},
  crossref  = {DBLP:conf/uss/2012},
  url       = {https://www.usenix.org/conference/usenixsecurity12/technical-sessions/presentation/yan},
  timestamp = {Fri, 19 Aug 2016 15:38:03 +0200},
  biburl    = {http://dblp.org/rec/bib/conf/uss/YanY12},
  bibsource = {dblp computer science bibliography, http://dblp.org}
}

@inproceedings{TangQWZYM15,
  author    = {Jian Tang and
               Meng Qu and
               Mingzhe Wang and
               Ming Zhang and
               Jun Yan and
               Qiaozhu Mei},
  title     = {{LINE:} Large-scale Information Network Embedding},
  booktitle = {Proceedings of the 24th International Conference on World Wide Web,
               {WWW} 2015, Florence, Italy, May 18-22, 2015},
  pages     = {1067--1077},
  year      = {2015},
  crossref  = {DBLP:conf/www/2015},
  url       = {http://doi.acm.org/10.1145/2736277.2741093},
  doi       = {10.1145/2736277.2741093},
  timestamp = {Tue, 19 Dec 2017 12:35:40 +0100},
  biburl    = {http://dblp.org/rec/bib/conf/www/TangQWZYM15},
  bibsource = {dblp computer science bibliography, http://dblp.org}
}

@inproceedings{ChenLZ14,
  author    = {Kai Chen and
               Peng Liu and
               Yingjun Zhang},
  title     = {Achieving accuracy and scalability simultaneously in detecting application
               clones on Android markets},
  booktitle = {36th International Conference on Software Engineering, {ICSE} '14,
               Hyderabad, India - May 31 - June 07, 2014},
  pages     = {175--186},
  year      = {2014},
  crossref  = {DBLP:conf/icse/2014},
  url       = {http://doi.acm.org/10.1145/2568225.2568286},
  doi       = {10.1145/2568225.2568286},
  timestamp = {Thu, 07 May 2015 20:01:12 +0200},
  biburl    = {http://dblp.org/rec/bib/conf/icse/ChenLZ14},
  bibsource = {dblp computer science bibliography, http://dblp.org}
}

@phdthesis{Spreitzenbarth13,
  author    = {Michael Spreitzenbarth},
  title     = {Dissecting the Droid: Forensic Analysis of Android and its malicious
               Applications (Sezierung eines Androiden)},
  school    = {University of Erlangen-Nuremberg},
  year      = {2013},
  url       = {http://www.opus.ub.uni-erlangen.de/opus/volltexte/2013/4528/},
  urn       = {urn:nbn:de:bvb:29-opus-45281},
  timestamp = {Tue, 03 May 2016 11:27:30 +0200},
  biburl    = {http://dblp.org/rec/bib/phd/dnb/Spreitzenbarth13},
  bibsource = {dblp computer science bibliography, http://dblp.org}
}

@inproceedings{EschweilerYG16,
  author    = {Sebastian Eschweiler and
               Khaled Yakdan and
               Elmar Gerhards{-}Padilla},
  title     = {discovRE: Efficient Cross-Architecture Identification of Bugs in Binary
               Code},
  booktitle = {23rd Annual Network and Distributed System Security Symposium, {NDSS}
               2016, San Diego, California, USA, February 21-24, 2016},
  year      = {2016},
  crossref  = {DBLP:conf/ndss/2016},
  url       = {http://wp.internetsociety.org/ndss/wp-content/uploads/sites/25/2017/09/discovre-efficient-cross-architecture-identification-bugs-binary-code.pdf},
  timestamp = {Tue, 16 Jan 2018 13:23:48 +0100},
  biburl    = {http://dblp.org/rec/bib/conf/ndss/EschweilerYG16},
  bibsource = {dblp computer science bibliography, http://dblp.org}
}

@article{PewnyGGRH17,
  author    = {Jannik Pewny and
               Behrad Garmany and
               Robert Gawlik and
               Christian Rossow and
               Thorsten Holz},
  title     = {Cross-architecture bug search in binary executables},
  journal   = {it - Information Technology},
  volume    = {59},
  number    = {2},
  pages     = {83},
  year      = {2017},
  url       = {https://doi.org/10.1515/itit-2016-0040},
  doi       = {10.1515/itit-2016-0040},
  timestamp = {Tue, 09 May 2017 18:30:44 +0200},
  biburl    = {http://dblp.org/rec/bib/journals/it/PewnyGGRH17},
  bibsource = {dblp computer science bibliography, http://dblp.org}
}

@incollection{Thomasian15,
  author    = {Alexander Thomasian},
  title     = {Singular Value Decomposition, Clustering, and Indexing for Similarity
               Search for Large Data Sets in High-Dimensional Spaces},
  booktitle = {Big Data - Algorithms, Analytics, and Applications.},
  pages     = {39--70},
  year      = {2015},
  crossref  = {DBLP:books/crc/bigdata2015},
  url       = {http://www.crcnetbase.com/doi/abs/10.1201/b18050-5},
  timestamp = {Fri, 22 May 2015 19:37:09 +0200},
  biburl    = {http://dblp.org/rec/bib/books/crc/p/Thomasian15},
  bibsource = {dblp computer science bibliography, http://dblp.org}
}

@article{Kilmer2011Factorization,
  title={Factorization strategies for third-order tensors ☆},
  author={Kilmer, Misha E. and Martin, Carla D.},
  journal={Linear Algebra {\&} Its Applications},
  volume={435},
  number={3},
  pages={641-658},
  year={2011},
}

@article{DGaoCYWG17,
  author    = {Yu{-}Fei Gao and
               Xunchao Cong and
               Yue Yang and
               Qun Wan and
               Guan Gui},
  title     = {A Tensor Decomposition Based Multiway Structured Sparse {SAR} Imaging
               Algorithm with Kronecker Constraint},
  journal   = {Algorithms},
  volume    = {10},
  number    = {1},
  pages     = {2},
  year      = {2017},
  url       = {https://doi.org/10.3390/a10010002},
  doi       = {10.3390/a10010002},
  timestamp = {Wed, 14 Jun 2017 20:36:39 +0200},
  biburl    = {http://dblp.org/rec/bib/journals/algorithms/GaoCYWG17},
  bibsource = {dblp computer science bibliography, http://dblp.org}
}

@article{AntolD17,
  author    = {Matej Antol and
               Vlastislav Dohnal},
  title     = {Popularity-Based Ranking for Fast Approximate kNN Search},
  journal   = {Informatica, Lith. Acad. Sci.},
  volume    = {28},
  number    = {1},
  pages     = {1--21},
  year      = {2017},
  url       = {https://content.iospress.com/articles/informatica/inf1130},
  timestamp = {Wed, 18 Oct 2017 18:34:43 +0200},
  biburl    = {http://dblp.org/rec/bib/journals/informaticaLT/AntolD17},
  bibsource = {dblp computer science bibliography, http://dblp.org}
}

@article{ZhaoYZ18,
  author    = {Yaliang Zhao and
               Laurence T. Yang and
               Ronghao Zhang},
  title     = {A Tensor-Based Multiple Clustering Approach With Its Applications
               in Automation Systems},
  journal   = {{IEEE} Trans. Industrial Informatics},
  volume    = {14},
  number    = {1},
  pages     = {283--291},
  year      = {2018},
  url       = {https://doi.org/10.1109/TII.2017.2748800},
  doi       = {10.1109/TII.2017.2748800},
  timestamp = {Mon, 15 Jan 2018 14:12:40 +0100},
  biburl    = {http://dblp.org/rec/bib/journals/tii/ZhaoYZ18},
  bibsource = {dblp computer science bibliography, http://dblp.org}
}

@article{KuangHYLLM14,
  author    = {Liwei Kuang and
               Fei Hao and
               Laurence T. Yang and
               Man Lin and
               Changqing Luo and
               Geyong Min},
  title     = {A Tensor-Based Approach for Big Data Representation and Dimensionality
               Reduction},
  journal   = {{IEEE} Trans. Emerging Topics Comput.},
  volume    = {2},
  number    = {3},
  pages     = {280--291},
  year      = {2014},
  url       = {https://doi.org/10.1109/TETC.2014.2330516},
  doi       = {10.1109/TETC.2014.2330516},
  timestamp = {Wed, 17 May 2017 10:56:03 +0200},
  biburl    = {http://dblp.org/rec/bib/journals/tetc/KuangHYLLM14},
  bibsource = {dblp computer science bibliography, http://dblp.org}
}

@unknow{Androguard,
  title     = {Reverse engineering, malware and goodware analysis of android applications ... and more},
  url       = {https://code.google.com/p/androguard/,2013},
  year      = {2013}.}